<?xml version="1.0" encoding="UTF-8"?><collection xmlns="http://www.loc.gov/MARC21/slim"><record><leader>00483nam--2200181-u-4500</leader><controlfield tag="001">000056026</controlfield><controlfield tag="002">20161230</controlfield><controlfield tag="005">20161230201052</controlfield><controlfield tag="008">141203s1000------------r-----000-0-fre-d</controlfield><datafield ind1=" " ind2=" " tag="040"><subfield code="a">IFIN-HH</subfield></datafield><datafield ind1=" " ind2=" " tag="041"><subfield code="a">fre</subfield></datafield><datafield ind1=" " ind2=" " tag="080"><subfield code="a">523.45-87(083.4)</subfield></datafield><datafield ind1="1" ind2=" " tag="100"><subfield code="a">Delambre, M</subfield></datafield><datafield ind1="1" ind2="0" tag="245"><subfield code="a">Tables ecliptiques des satellites de jupiter</subfield><subfield code="c">M. delambre</subfield></datafield><datafield ind1=" " ind2=" " tag="260"><subfield code="a">Paris</subfield><subfield code="b">Imprimeur-librarie Pour Les Sciences</subfield><subfield code="c">1817</subfield></datafield><datafield ind1=" " ind2=" " tag="300"><subfield code="a">PAG.DIF</subfield></datafield><datafield ind1=" " ind2=" " tag="852"><subfield code="a">47494</subfield><subfield code="c">523</subfield></datafield><datafield ind1=" " ind2=" " tag="CAT"><subfield code="a">Sys</subfield><subfield code="c">20141203</subfield><subfield code="h">140215</subfield></datafield></record></collection>